@article{santos2017javert,
  title={JaVerT: JavaScript Verification Toolchain},
  author={SANTOS, JOS{\'E} FRAGOSO and MAKSIMOVI{\'C}, PETAR and WOOD, THOMAS and GARDNER, PHILIPPA},
  journal={POPL},
  year={2017},
  publisher={ACM}
}